<?xml version="1.0" encoding="UTF-8"?>
<record xmlns="http://www.loc.gov/MARC21/slim" xmlns:xsi="http://www.w3.org/2001/XMLSchema-instance" xsi:schemaLocation="http://www.loc.gov/MARC21/slim http://www.loc.gov/standards/marcxml/schema/MARC21slim.xsd">
<leader>     nam a2200313   4500</leader>
<controlfield tag="001">002060910</controlfield>
<controlfield tag="003">NNU</controlfield>
<controlfield tag="005">20061010172258.0</controlfield>
<controlfield tag="008">930319s1962    iq            000 0 ara d</controlfield>
<datafield tag="010" ind1=" " ind2=" ">
<subfield code="a">ne 64002457</subfield>
</datafield>
<datafield tag="035" ind1="9" ind2=" ">
<subfield code="a">NYUb11014503</subfield>
</datafield>
<datafield tag="035" ind1=" " ind2=" ">
<subfield code="a">(CStRLIN)NYUG93-B11341</subfield>
</datafield>
<datafield tag="040" ind1=" " ind2=" ">
<subfield code="a">PU</subfield>
<subfield code="c">PSt</subfield>
<subfield code="d">NNU</subfield>
</datafield>
<datafield tag="050" ind1="0" ind2=" ">
<subfield code="a">DS51.B3</subfield>
<subfield code="b">H3 1962</subfield>
</datafield>
<datafield tag="066" ind1=" " ind2=" ">
<subfield code="c">(3</subfield>
</datafield>
<datafield tag="090" ind1=" " ind2=" ">
<subfield code="a">DS79.9.B25</subfield>
<subfield code="b">H39 1962</subfield>
</datafield>
<datafield tag="100" ind1="1" ind2=" ">
<subfield code="6">880-01</subfield>
<subfield code="a">Ḥaydarī, Ibrāhīm Faṣīḥ ibn Ṣibghat Allāh al-Baghdādī,</subfield>
<subfield code="d">1820-1881.</subfield>
</datafield>
<datafield tag="245" ind1="1" ind2="0">
<subfield code="6">880-02</subfield>
<subfield code="a">ʻUnwān al-majd fī bayān aḥwāl Baghdād wa-al-Baṣrah wa-Njad.</subfield>
<subfield code="c">Taʼlīf Ibrāhīm Faṣīḥ ibn Ṣibghat Allāh ibn al-Ḥaydarī al-Baghdādī.</subfield>
</datafield>
<datafield tag="260" ind1=" " ind2=" ">
<subfield code="6">880-03</subfield>
<subfield code="a">Baghdād,</subfield>
<subfield code="b">Dār Manshūrāt al-Baṣrī</subfield>
<subfield code="c">[1962].</subfield>
</datafield>
<datafield tag="300" ind1=" " ind2=" ">
<subfield code="a">278 p.</subfield>
<subfield code="c">21 cm.</subfield>
</datafield>
<datafield tag="500" ind1=" " ind2=" ">
<subfield code="a">Cover title: Unwan al-majd fi bayan ahwal Baghdad wal-Basrah wa-Najd, by Ibrahim Fasih al-Haidari.</subfield>
</datafield>
<datafield tag="651" ind1=" " ind2="0">
<subfield code="a">Baghdad (Iraq)</subfield>
</datafield>
<datafield tag="651" ind1=" " ind2="0">
<subfield code="a">Baṣrah (Iraq)</subfield>
</datafield>
<datafield tag="651" ind1=" " ind2="0">
<subfield code="a">Najd (Saudi Arabia)</subfield>
</datafield>
<datafield tag="740" ind1="0" ind2=" ">
<subfield code="a">Unwan al-majd fi bayan ahwal Baghdad wal-Basrah wa-Najd.</subfield>
</datafield>
<datafield tag="880" ind1="0" ind2=" ">
<subfield code="6">100-01/</subfield>
<subfield code="a">ابراهيم فصيح بن صبغة الله بن الحيدري البغدادي.</subfield>
</datafield>
<datafield tag="880" ind1="1" ind2="0">
<subfield code="6">245-02/</subfield>
<subfield code="a">عنوان المجد في بيان احوال بغداد والبصرة ونجد.</subfield>
<subfield code="c">تأليف ابراهيم فصيح بن صبغة الله بن الحيدري البغدادي.</subfield>
</datafield>
<datafield tag="880" ind1=" " ind2=" ">
<subfield code="6">260-03/</subfield>
<subfield code="a">بغداد،</subfield>
<subfield code="b">دار منشورات البصري</subfield>
<subfield code="c">[١٩٦٢]</subfield>
</datafield>
<datafield tag="OWN" ind1=" " ind2=" ">
<subfield code="a">GENERAL</subfield>
</datafield>
<datafield tag="903" ind1=" " ind2=" ">
<subfield code="a">OLD</subfield>
</datafield>
<datafield tag="998" ind1=" " ind2=" ">
<subfield code="a">19930319</subfield>
<subfield code="d">19930319</subfield>
<subfield code="d">20011120</subfield>
<subfield code="n">NNU</subfield>
<subfield code="s">1</subfield>
<subfield code="t">c</subfield>
<subfield code="z">e</subfield>
</datafield>
<datafield tag="AVA" ind1=" " ind2=" ">
<subfield code="a">NYU50</subfield>
<subfield code="b">BOBST</subfield>
<subfield code="c">Main Collection</subfield>
<subfield code="d">DS79.9.B25 H39 1962</subfield>
<subfield code="e">unavailable</subfield>
<subfield code="t">Unavailable</subfield>
<subfield code="f">1</subfield>
<subfield code="g">1</subfield>
<subfield code="h">N</subfield>
<subfield code="i">2</subfield>
<subfield code="j">MAIN</subfield>
<subfield code="k">0</subfield>
</datafield>
</record>
